% Encoding: UTF-8

@WWW{Esslinger,
  author = {Olivier Esslinger},
  title  = {Astronomie et Astrophysique},
  url    = {http://www.astronomes.com/la-fin-des-etoiles-massives/espace-absolu/},
}

@Comment{jabref-meta: databaseType:biblatex;}
